% This file was created with JabRef 2.8.
% Encoding: UTF8

@INPROCEEDINGS{webmodel,
  author = {Akhawe, Devdatta and Barth, Adam and Lam, Peifung E. and Mitchell,
	John and Song, Dawn},
  title = {Towards a Formal Foundation of Web Security},
  booktitle = {IEEE Computer Security Foundations Symposium},
  year = {2010},
  pages = {290--304}
}

@INPROCEEDINGS{modelling_methods_for_web_application,
  author = {Manar H. Alalfi and James R. Cordy and Thomas R. Dean},
  title = {Modelling methods for web application verification and testing: state
	of the art},
  booktitle = {Software Testing, Verification and Reliability},
  year = {2009},
  volume = {19},
  pages = {265--296}
}

@INPROCEEDINGS{TFFWS26,
  author = {Barth, Adam and Jackson, Collin and Mitchell, John C.},
  title = {Securing Frame Communication in Browsers},
  booktitle = {Communications of the ACM},
  year = {2009},
  volume = {52},
  pages = {83--91}
}

@INPROCEEDINGS{security_modeling_and_analysis,
  author = {Jason Bau and John C. Mitchell},
  title = {Security Modeling and Analysis},
  booktitle = {IEEE Symposium on Security and Privacy},
  year = {2011},
  volume = {9},
  pages = {18--25}
}

@INPROCEEDINGS{TFFWS23,
  author = {Bella, Giampaolo and Paulson, Lawrence C},
  title = {Kerberos version IV: Inductive analysis of the secrecy goals},
  booktitle = {Lecture Notes in Computer Science},
  year = {2006},
  volume = {1485},
  pages = {361--375}
}

@MISC{rfc1945,
  author = {T. Berners-Lee and R. Fielding and H. Frystyk},
  title = {{Hypertext Transfer Protocol -- HTTP/1.0}},
  howpublished = {RFC 1945 (Informational)},
  month = may,
  year = {1996},
  number = {1945},
  organization = {Internet Engineering Task Force},
  publisher = {IETF},
  series = {Request for Comments},
  url = {http://www.ietf.org/rfc/rfc1945.txt}
}

@INPROCEEDINGS{TFFWS27,
  author = {Bhargavan, Karthikeyan and Fournet, Cedric and Gordon, Andrew D},
  title = {Verified reference implementations of WS-Security protocols},
  booktitle = {Lecture Notes in Computer Science},
  year = {2006},
  volume = {4184},
  pages = {88-106}
}

@INPROCEEDINGS{TFFWS22,
  author = {Burrows, Michael and Abadi, Martin and Needham, Roger M},
  title = {A logic of authentication},
  booktitle = {ACM Transactions on Computer Systems},
  year = {1990},
  volume = {8},
  pages = {18-36}
}

@INPROCEEDINGS{TFFWS32,
  author = {Chen, Shuo and Meseguer, Jos{\'e} and Sasse, Ralf and Wang, Helen
	J and Wang, Yi-Min},
  title = {A systematic approach to uncover security flaws in gui logic},
  booktitle = {IEEE Symposium on Security and Privacy},
  year = {2007},
  pages = {71--85}
}

@MANUAL{ssltls,
  title = {SSL/TLS暗号設定ガイドライン},
  author = {CRYPTREC},
  month = {12},
  year = {2015},
  owner = {Simahell},
  timestamp = {2016.01.09}
}

@INPROCEEDINGS{TFFWS24,
  author = {Datta, Anupam and Derek, Ante and Mitchell, John C and Roy, Arnab},
  title = {Protocol composition logic (PCL)},
  booktitle = {Electronic Notes in Theoretical Computer Science},
  year = {2007},
  volume = {172},
  pages = {311--358}
}

@INPROCEEDINGS{TFFWS25,
  author = {Datta, Anupam and Derek, Ante and Mitchell, John C and Shmatikov,
	Vitaly and Turuani, Mathieu},
  title = {Probabilistic polynomial-time semantics for a protocol security logic},
  booktitle = {Lecture Notes in Computer Science},
  year = {2005},
  volume = {3580},
  pages = {16--29}
}

@INPROCEEDINGS{rfc7469,
  author = {C. Evans and C. Palmer and R. Sleevi},
  title = {{Public Key Pinning Extension for HTTP}},
  booktitle = {Request for Comments},
  year = {2015},
  number = {7469},
  url = {http://www.ietf.org/rfc/rfc7469.txt}
}

@MISC{rfc7233,
  author = {R. Fielding and Y. Lafon and J. Reschke},
  title = {{Hypertext Transfer Protocol (HTTP/1.1): Range Requests}},
  howpublished = {RFC 7233 (Proposed Standard)},
  month = jun,
  year = {2014},
  number = {7233},
  organization = {Internet Engineering Task Force},
  publisher = {IETF},
  series = {Request for Comments},
  url = {http://www.ietf.org/rfc/rfc7233.txt}
}

@MISC{rfc7234,
  author = {R. Fielding and M. Nottingham and J. Reschke},
  title = {{Hypertext Transfer Protocol (HTTP/1.1): Caching}},
  howpublished = {RFC 7234 (Proposed Standard)},
  month = jun,
  year = {2014},
  number = {7234},
  organization = {Internet Engineering Task Force},
  publisher = {IETF},
  series = {Request for Comments},
  url = {http://www.ietf.org/rfc/rfc7234.txt}
}

@MISC{rfc7230,
  author = {R. Fielding and J. Reschke},
  title = {{Hypertext Transfer Protocol (HTTP/1.1): Message Syntax and Routing}},
  howpublished = {RFC 7230 (Proposed Standard)},
  month = jun,
  year = {2014},
  number = {7230},
  organization = {Internet Engineering Task Force},
  publisher = {IETF},
  series = {Request for Comments},
  url = {http://www.ietf.org/rfc/rfc7230.txt}
}

@MISC{rfc7231,
  author = {R. Fielding and J. Reschke},
  title = {{Hypertext Transfer Protocol (HTTP/1.1): Semantics and Content}},
  howpublished = {RFC 7231 (Proposed Standard)},
  month = jun,
  year = {2014},
  number = {7231},
  organization = {Internet Engineering Task Force},
  publisher = {IETF},
  series = {Request for Comments},
  url = {http://www.ietf.org/rfc/rfc7231.txt}
}

@MISC{rfc7232,
  author = {R. Fielding and J. Reschke},
  title = {{Hypertext Transfer Protocol (HTTP/1.1): Conditional Requests}},
  howpublished = {RFC 7232 (Proposed Standard)},
  month = jun,
  year = {2014},
  number = {7232},
  organization = {Internet Engineering Task Force},
  publisher = {IETF},
  series = {Request for Comments},
  url = {http://www.ietf.org/rfc/rfc7232.txt}
}

@MISC{rfc7235,
  author = {R. Fielding and J. Reschke},
  title = {{Hypertext Transfer Protocol (HTTP/1.1): Authentication}},
  howpublished = {RFC 7235 (Proposed Standard)},
  month = jun,
  year = {2014},
  number = {7234},
  organization = {Internet Engineering Task Force},
  owner = {Simahell},
  publisher = {IETF},
  series = {Request for Comments},
  timestamp = {2018.01.02},
  url = {http://www.ietf.org/rfc/rfc7234.txt}
}

@INPROCEEDINGS{TFFWS28,
  author = {Gordon, Andrew D and Pucella, Riccardo},
  title = {Validating a web service security abstraction by typing},
  booktitle = {Formal Aspects of Computing},
  year = {2005},
  volume = {17},
  pages = {277--318}
}

@INPROCEEDINGS{rfc6797,
  author = {J. Hodges and C. Jackson and A. Barth},
  title = {{HTTP Strict Transport Security (HSTS)}},
  booktitle = {Request for Comments},
  year = {2012},
  number = {6797},
  url = {http://www.ietf.org/rfc/rfc6797.txt}
}

@INPROCEEDINGS{TFFWS16,
  author = {Kerschbaum, Florian},
  title = {Simple cross-site attack prevention},
  booktitle = {Security and Privacy in Communications Networks and the Workshops},
  year = {2007},
  pages = {464--472}
}

@MISC{rfc2817,
  author = {R. Khare and S. Lawrence},
  title = {{Upgrading to TLS Within HTTP/1.1}},
  howpublished = {RFC 2817 (Proposed Standard)},
  month = may,
  year = {2000},
  note = {Updated by RFCs 7230, 7231},
  number = {2817},
  organization = {Internet Engineering Task Force},
  publisher = {IETF},
  series = {Request for Comments},
  url = {http://www.ietf.org/rfc/rfc2817.txt}
}

@INPROCEEDINGS{sel4_formal_verification_of_an,
  author = {Klein, Gerwin and Elphinstone, Kevin and Heiser, Gernot and Andronick,
	June and Cock, David and Derrin, Philip and Elkaduwe, Dhammika and
	Engelhardt, Kai and Kolanski, Rafal and Norrish, Michael and Sewell,
	Thomas and Tuch, Harvey and Winwood, Simon},
  title = {seL4: Formal Verification of an OS Kernel},
  booktitle = {Symposium on Operating Systems Principles},
  year = {2009},
  pages = {207-220}
}

@INPROCEEDINGS{hstshpkp,
  author = {Michael Kranch and Joseph Bonneau},
  title = {Upgrading HTTPS in Mid-Air: An Empirical Study of Strict Transport
	Security and Key Pinning},
  booktitle = {Network and Distributed System Security Symposium},
  year = {2015}
}

@INPROCEEDINGS{two_decades_of_web_application,
  author = {Yuan Fang Li and Paramjit K. Das and David L. Dowe},
  title = {Two decades of Web application testing — A survey of recent advances},
  booktitle = {Information Systems},
  year = {2014},
  volume = {43},
  pages = {20--54}
}

@INPROCEEDINGS{specifying_and_verifying_hardware_for_tamper,
  author = {David Lie and John Mitchell and Chandramohan A. Thekkath and Mark
	Horowitz},
  title = {Specifying and Verifying Hardware for Tamper-Resistant Software},
  booktitle = {Security and Privacy},
  year = {2003},
  pages = {166-177}
}

@INPROCEEDINGS{TFFWS17,
  author = {Mitchell, John C and Mitchell, Mark and Stern, Ulrich},
  title = {Automated analysis of cryptographic protocols using Mur$\varphi$},
  booktitle = {IEEE Symposium on Security and Privacy},
  year = {1997},
  pages = {141--151}
}

@INPROCEEDINGS{TFFWS18,
  author = {Mitchell, John C and Shmatikov, Vitaly and Stern, Ulrich},
  title = {Finite-State Analysis of SSL 3.0.},
  booktitle = {USENIX Security Symposium},
  year = {1998}
}

@INPROCEEDINGS{finding_security_bugs_in_web,
  author = {Joseph P. Near and Daniel Jackson},
  title = {Finding Security Bugs in Web Applications using a Catalog of Access
	Control Patterns},
  booktitle = {IEEE International Conference on Software Engineering},
  year = {2016},
  owner = {Simahell},
  timestamp = {2017.01.13}
}

@MISC{https,
  author = {E. Rescorla},
  title = {{HTTP Over TLS}},
  howpublished = {RFC 2818},
  month = may,
  year = {2000},
  owner = {Simahell},
  timestamp = {2018.01.04},
  url = {http://www.ietf.org/rfc/rfc2818.txt}
}

@MISC{rfc2818,
  author = {E. Rescorla},
  title = {{HTTP Over TLS}},
  howpublished = {RFC 2818 (Informational)},
  month = may,
  year = {2000},
  note = {Updated by RFCs 5785, 7230},
  number = {2818},
  organization = {Internet Engineering Task Force},
  publisher = {IETF},
  series = {Request for Comments},
  url = {http://www.ietf.org/rfc/rfc2818.txt}
}

@INPROCEEDINGS{TFFWS19,
  author = {Roscoe, A William},
  title = {Modelling and verifying key-exchange protocols using CSP and FDR},
  booktitle = {IEEE Computer Security Foundations Symposium},
  year = {1995},
  pages = {98--107}
}

@INPROCEEDINGS{cookie-model,
  author = {Philippe De Ryck and Lieven Desmet and Wouter Joosen and Frank Piessens},
  title = {Automatic and Precise Client-Side Protection against CSRF Attacks},
  booktitle = {European conference on Research in computer security},
  year = {2011},
  pages = {100-116},
  owner = {Simahell},
  timestamp = {2017.12.20}
}

@INPROCEEDINGS{towards_formal_analysis_of_the,
  author = {Shin, Wook and Kiyomoto, Shinsaku and Fukushima, Kazuhide and Tanaka,
	Toshiaki},
  title = {Towards Formal Analysis of the Permission-Based Security Model for
	Android},
  booktitle = {International Conference on Wireless and Mobile Communications},
  year = {2009},
  pages = {87-92}
}

@INPROCEEDINGS{TFFWS20,
  author = {Song, Dawn Xiaodong},
  title = {Athena: a new efficient automatic checker for security protocol analysis},
  booktitle = {IEEE Computer Security Foundations Symposium},
  year = {1999},
  pages = {192--202}
}

@INPROCEEDINGS{bcpattack,
  author = {Y.Jia and Yue, Chen and Xinshu, Dong and Prateek, Saxena and Jian,
	Mao and Zhenkai, Liang},
  title = {Man-in-the-browser-cache: Persisting HTTPS attacks via browser cache
	poisoning},
  booktitle = {Computers and Security},
  year = {2015},
  volume = {55},
  pages = {62-80}
}

@comment{jabref-meta: databaseType:bibtex;}

